@article{saifee:2020,
  title = {Pytorch vs Tensorflow in 2020},
  author = {Moiz Saifee},
  year = {2020},
  month = jun,
  journal = {Medium},
  url = {https://towardsdatascience.com/pytorch-vs-tensorflow-in-2020-fe237862fae1}
}

@article{dash:2020,
  author          = {Shruti Dash},
  title           = {TensorFlow vs {PyTorch} -- A Detailed Comparison},
  journal         = {Machine Learning Plus},
  year            = {2020},
  month           = sep,
  url             = {https://www.machinelearningplus.com/deep-learning/tensorflow1-vs-tensorflow2-vs-pytorch/}
}

@article{dimolarov:2019,
  author          = {Nikolay Dimolarov},
  title           = {On the state of {Deep} {Learning} outside of {CUDA's} walled garden},
  journal         = {Medium},
  year            = {2019},
  month           = jun,
  url             = {https://towardsdatascience.com/on-the-state-of-deep-learning-outside-of-cudas-walled-garden-d88c8bbb4342}
}

@article{mahmood:2019,
  author          = {Asad Mahmood},
  title           = {Logistic Regression on {MNIST} with {PyTorch}},
  journal         = {Medium},
  year            = {2019},
  month           = apr,
  url             = {https://towardsdatascience.com/logistic-regression-on-mnist-with-pytorch-b048327f8d19},
}